@book{woodruff2016concise,
  title={A Concise History of the Modern World: 1500 to the Present: a Guide to World Affairs},
  author={Woodruff, William},
  year={2016},
  publisher={Springer}
}

@book{connor2011crop,
  title={Crop ecology: productivity and management in agricultural systems},
  author={Connor, David J and Loomis, Robert S and Cassman, Kenneth G},
  year={2011},
  publisher={Cambridge University Press}
}
