@book{rana2017vegetable,
  title={Vegetable crop science},
  author={Rana, Mahesh Kumar},
  year={2017},
  publisher={CRC Press}
}

@book{george2009vegetable,
  title={Vegetable seed production},
  author={George, Raymond AT},
  year={2009},
  publisher={CABI}
}
